<?xml version="1.0" encoding="UTF-8"?><collection xmlns="http://www.loc.gov/MARC21/slim"><record><leader>00598nam--2200193-i-4500</leader><controlfield tag="001">000018902</controlfield><controlfield tag="002">20161230</controlfield><controlfield tag="005">20161230201032</controlfield><controlfield tag="008">060222s1000------------r-----000-0-rum-d</controlfield><datafield ind1=" " ind2=" " tag="040"><subfield code="a">IFIN-HH</subfield></datafield><datafield ind1=" " ind2=" " tag="041"><subfield code="a">rum</subfield></datafield><datafield ind1=" " ind2=" " tag="080"><subfield code="a">535.338.3/4</subfield></datafield><datafield ind1="1" ind2=" " tag="100"><subfield code="a">Eliasevici, M.A</subfield></datafield><datafield ind1="1" ind2="0" tag="245"><subfield code="a">Spectroscopia atomica si moleculara</subfield><subfield code="b">Traducere de r. titeica si s. haradja</subfield><subfield code="c">M.a. eliasevici</subfield></datafield><datafield ind1=" " ind2=" " tag="260"><subfield code="a">Bucuresti</subfield><subfield code="b">Editura Academiei Rsr</subfield><subfield code="c">1966</subfield></datafield><datafield ind1=" " ind2=" " tag="300"><subfield code="a">1036 P</subfield></datafield><datafield ind1=" " ind2=" " tag="500"><subfield code="a">Titlul Original In Limba Rusa: Atomnaia I Molekuliarnaaia Spektroskopia</subfield></datafield><datafield ind1=" " ind2=" " tag="852"><subfield code="a">23941</subfield><subfield code="c">539.163.2</subfield></datafield><datafield ind1=" " ind2=" " tag="CAT"><subfield code="a">Sys</subfield><subfield code="c">20130328</subfield><subfield code="h">165942</subfield></datafield></record></collection>